@misc{ numpy,
   title = "Scientific Computing Tools For Python - Numpy",
   year = "2012",
   url = "http://www.numpy.org/",
   note = "[Online; accessed 26-February-2013]"
 }
 
@misc{ scikit-learn,
   title = "scikit-learn: machine learning in Python",
   year = "2013",
   url = "http://scikit-learn.org/stable/",
   note = "[Online; accessed 26-February-2013]"
 }
 
@misc{ nltk,
   title = "Natural Language Toolkit",
   year = "2012",
   url = "http://nltk.org/",
   note = "[Online; accessed 26-February-2013]"
 }
 
@misc{ nws-cap-parser,
   title = "morrissimo/NWS-CAP-parser - GitHub",
   year = "2012",
   url = "https://github.com/morrissimo/NWS-CAP-parser",
   note = "[Online; accessed 26-February-2013]"
 }
  
@misc{ compute-engine,
   title = "Google Compute Engine - computation in the cloud",
   year = "2012",
   url = " https://cloud.google.com/products/compute-engine",
   note = "[Online; accessed 27-February-2013]"
 } 
 
@misc{ stormevents,
   title = "Storm Events Database | National Climatic Data Center",
   year = "2012",
   url = " http://www.ncdc.noaa.gov/stormevents/",
   note = "[Online; accessed 27-February-2013]"
 } 